@ARTICLE{andreon-14b,
   author = {{Andreon}, S. and {Congdon}, P.},
    title = "{The insignificant evolution of the richness-mass relation of galaxy clusters}",
  journal = {\aap},
archivePrefix = "arXiv",
   eprint = {1406.1651},
 keywords = {galaxies: clusters: general, galaxies: elliptical and lenticular, cD, galaxies: evolution, methods: statistical},
     year = 2014,
    month = aug,
   volume = 568,
      eid = {A23},
    pages = {A23},
      doi = {10.1051/0004-6361/201423616},
   adsurl = {http://adsabs.harvard.edu/abs/2014A%26A...568A..23A},
  adsnote = {Provided by the SAO/NASA Astrophysics Data System}
	}
	
@ARTICLE{balogh-16,
   author = {{Balogh}, M.~L. and {McGee}, S.~L. and {Mok}, A. and {Muzzin}, A. and 
	{van der Burg}, R.~F.~J. and {Bower}, R.~G. and {Finoguenov}, A. and 
	{Hoekstra}, H. and {Lidman}, C. and {Mulchaey}, J.~S. and {Noble}, A. and 
	{Parker}, L.~C. and {Tanaka}, M. and {Wilman}, D.~J. and {Webb}, T. and 
	{Wilson}, G. and {Yee}, H.~K.~C.},
    title = "{Evidence for a change in the dominant satellite galaxy quenching mechanism at z = 1}",
  journal = {\mnras},
archivePrefix = "arXiv",
   eprint = {1511.07344},
 keywords = {galaxies: clusters: general, galaxies: evolution},
     year = 2016,
    month = mar,
   volume = 456,
    pages = {4364-4376},
      doi = {10.1093/mnras/stv2949},
   adsurl = {http://adsabs.harvard.edu/abs/2016MNRAS.456.4364B},
  adsnote = {Provided by the SAO/NASA Astrophysics Data System}
}


    
@ARTICLE{beers-90,
   author = {{Beers}, T.~C. and {Flynn}, K. and {Gebhardt}, K.},
    title = "{Measures of location and scale for velocities in clusters of galaxies - A robust approach}",
  journal = {\aj},
 keywords = {GALACTIC CLUSTERS, POSITION (LOCATION), RADIAL VELOCITY, ROBUSTNESS (MATHEMATICS), ASTRONOMICAL COORDINATES, NORMAL DENSITY FUNCTIONS, VELOCITY DISTRIBUTION},
     year = 1990,
    month = jul,
   volume = 100,
    pages = {32-46},
      doi = {10.1086/115487},
   adsurl = {http://adsabs.harvard.edu/abs/1990AJ....100...32B},
  adsnote = {Provided by the SAO/NASA Astrophysics Data System}
}
@ARTICLE{bernardi-13,
   author = {{Bernardi}, M. and {Meert}, A. and {Sheth}, R.~K. and {Vikram}, V. and 
	{Huertas-Company}, M. and {Mei}, S. and {Shankar}, F.},
    title = "{The massive end of the luminosity and stellar mass functions: dependence on the fit to the light profile}",
  journal = {\mnras},
archivePrefix = "arXiv",
   eprint = {1304.7778},
 primaryClass = "astro-ph.CO",
 keywords = {galaxies: fundamental parameters, galaxies: luminosity function, mass function, galaxies: photometry},
     year = 2013,
    month = nov,
   volume = 436,
    pages = {697-704},
      doi = {10.1093/mnras/stt1607},
   adsurl = {http://adsabs.harvard.edu/abs/2013MNRAS.436..697B},
  adsnote = {Provided by the SAO/NASA Astrophysics Data System}
    }

    
@ARTICLE{bleem15,
   author = {{Bleem}, L.~E. and {Stalder}, B. and {de Haan}, T. and {Aird}, K.~A. and 
	{Allen}, S.~W. and {Applegate}, D.~E. and {Ashby}, M.~L.~N. and 
	{Bautz}, M. and {Bayliss}, M. and {Benson}, B.~A. and {Bocquet}, S. and 
	{Brodwin}, M. and {Carlstrom}, J.~E. and {Chang}, C.~L. and 
	{Chiu}, I. and {Cho}, H.~M. and {Clocchiatti}, A. and {Crawford}, T.~M. and 
	{Crites}, A.~T. and {Desai}, S. and {Dietrich}, J.~P. and {Dobbs}, M.~A. and 
	{Foley}, R.~J. and {Forman}, W.~R. and {George}, E.~M. and {Gladders}, M.~D. and 
	{Gonzalez}, A.~H. and {Halverson}, N.~W. and {Hennig}, C. and 
	{Hoekstra}, H. and {Holder}, G.~P. and {Holzapfel}, W.~L. and 
	{Hrubes}, J.~D. and {Jones}, C. and {Keisler}, R. and {Knox}, L. and 
	{Lee}, A.~T. and {Leitch}, E.~M. and {Liu}, J. and {Lueker}, M. and 
	{Luong-Van}, D. and {Mantz}, A. and {Marrone}, D.~P. and {McDonald}, M. and 
	{McMahon}, J.~J. and {Meyer}, S.~S. and {Mocanu}, L. and {Mohr}, J.~J. and 
	{Murray}, S.~S. and {Padin}, S. and {Pryke}, C. and {Reichardt}, C.~L. and 
	{Rest}, A. and {Ruel}, J. and {Ruhl}, J.~E. and {Saliwanchik}, B.~R. and 
	{Saro}, A. and {Sayre}, J.~T. and {Schaffer}, K.~K. and {Schrabback}, T. and 
	{Shirokoff}, E. and {Song}, J. and {Spieler}, H.~G. and {Stanford}, S.~A. and 
	{Staniszewski}, Z. and {Stark}, A.~A. and {Story}, K.~T. and 
	{Stubbs}, C.~W. and {Vanderlinde}, K. and {Vieira}, J.~D. and 
	{Vikhlinin}, A. and {Williamson}, R. and {Zahn}, O. and {Zenteno}, A.
	},
    title = "{Galaxy Clusters Discovered via the Sunyaev-Zel'dovich Effect in the 2500-Square-Degree SPT-SZ Survey}",
  journal = {\apjs},
archivePrefix = "arXiv",
   eprint = {1409.0850},
 keywords = {cosmology: observations, galaxies: clusters: individual, large-scale structure of universe},
     year = 2015,
    month = feb,
   volume = 216,
      eid = {27},
    pages = {27},
      doi = {10.1088/0067-0049/216/2/27},
   adsurl = {http://adsabs.harvard.edu/abs/2015ApJS..216...27B},
  adsnote = {Provided by the SAO/NASA Astrophysics Data System}
}

@article{Bolatto13,
author = {Bolatto, Alberto D and Wolfire, Mark and Leroy, Adam K},
title = {{The CO-to-H2 Conversion Factor}},
journal = {Annual Review of Astronomy {\&} Astrophysics},
year = {2013},
volume = {51},
pages = {207--268},
month = aug
}


@ARTICLE{capozzi-12,
   author = {{Capozzi}, D. and {Collins}, C.~A. and {Stott}, J.~P. and {Hilton}, M.
	},
    title = "{The evolution of K* and the halo occupation distribution since z= 1.5: observations versus simulations}",
  journal = {\mnras},
archivePrefix = "arXiv",
   eprint = {1109.5735},
 primaryClass = "astro-ph.CO",
 keywords = {galaxies: clusters: general, galaxies: evolution, galaxies: haloes, galaxies: luminosity function, mass function, large-scale structure of Universe},
     year = 2012,
    month = feb,
   volume = 419,
    pages = {2821-2835},
      doi = {10.1111/j.1365-2966.2011.19895.x},
   adsurl = {http://adsabs.harvard.edu/abs/2012MNRAS.419.2821C},
  adsnote = {Provided by the SAO/NASA Astrophysics Data System}
}
@ARTICLE{conroy-07,
   author = {{Conroy}, C. and {Wechsler}, R.~H. and {Kravtsov}, A.~V.},
    title = "{The Hierarchical Build-Up of Massive Galaxies and the Intracluster Light since z = 1}",
  journal = {\apj},
   eprint = {astro-ph/0703374},
 keywords = {Cosmology: Theory, Cosmology: Dark Matter, Galaxies: Clusters: General, Galaxies: Evolution, Galaxies: Halos, Galaxies: Luminosity Function, Mass Function},
     year = 2007,
    month = oct,
   volume = 668,
    pages = {826-838},
      doi = {10.1086/521425},
   adsurl = {http://adsabs.harvard.edu/abs/2007ApJ...668..826C},
  adsnote = {Provided by the SAO/NASA Astrophysics Data System}
}
@ARTICLE{contini-14,
   author = {{Contini}, E. and {De Lucia}, G. and {Villalobos}, {\'A}. and 
	{Borgani}, S.},
    title = "{On the formation and physical properties of the intracluster light in hierarchical galaxy formation models}",
  journal = {\mnras},
archivePrefix = "arXiv",
   eprint = {1311.2076},
 primaryClass = "astro-ph.CO",
 keywords = {galaxies: clusters: general, galaxies: evolution, galaxies: formation},
     year = 2014,
    month = feb,
   volume = 437,
    pages = {3787-3802},
      doi = {10.1093/mnras/stt2174},
   adsurl = {http://adsabs.harvard.edu/abs/2014MNRAS.437.3787C},
  adsnote = {Provided by the SAO/NASA Astrophysics Data System}
}
@ARTICLE{demarco-10b,
   author = {{Demarco}, R. and {Wilson}, G. and {Muzzin}, A. and {Lacy}, M. and 
	{Surace}, J. and {Yee}, H.~K.~C. and {Hoekstra}, H. and {Blindert}, K. and 
	{Gilbank}, D.},
    title = "{Spectroscopic Confirmation of Three Red-sequence Selected Galaxy Clusters at z = 0.87, 1.16, and 1.21 from the SpARCS Survey}",
  journal = {\apj},
archivePrefix = "arXiv",
   eprint = {1002.0160},
 primaryClass = "astro-ph.CO",
 keywords = {galaxies: clusters: general, galaxies: clusters: individual: SpARCS J161315+564930 SpARCS J161037+552417 SpARCS J161641+554513, galaxies: evolution, galaxies: formation},
     year = 2010,
    month = mar,
   volume = 711,
    pages = {1185-1197},
      doi = {10.1088/0004-637X/711/2/1185},
   adsurl = {http://adsabs.harvard.edu/abs/2010ApJ...711.1185D},
  adsnote = {Provided by the SAO/NASA Astrophysics Data System}
}
@ARTICLE{evrard-08,
   author = {{Evrard}, A.~E. and {Bialek}, J. and {Busha}, M. and {White}, M. and 
	{Habib}, S. and {Heitmann}, K. and {Warren}, M. and {Rasia}, E. and 
	{Tormen}, G. and {Moscardini}, L. and {Power}, C. and {Jenkins}, A.~R. and 
	{Gao}, L. and {Frenk}, C.~S. and {Springel}, V. and {White}, S.~D.~M. and 
	{Diemand}, J.},
    title = "{Virial Scaling of Massive Dark Matter Halos: Why Clusters Prefer a High Normalization Cosmology}",
  journal = {\apj},
   eprint = {astro-ph/0702241},
 keywords = {Cosmology: Miscellaneous, Cosmology: Theory, Cosmology: Dark Matter, Galaxies: Clusters: General, Gravitation, Galaxies: Intergalactic Medium},
     year = 2008,
    month = jan,
   volume = 672,
    pages = {122-137},
      doi = {10.1086/521616},
   adsurl = {http://adsabs.harvard.edu/abs/2008ApJ...672..122E},
  adsnote = {Provided by the SAO/NASA Astrophysics Data System}
}
@ARTICLE{fadda-96,
   author = {{Fadda}, D. and {Girardi}, M. and {Giuricin}, G. and {Mardirossian}, F. and 
	{Mezzetti}, M.},
    title = "{The Observational Distribution of Internal Velocity Dispersions in Nearby Galaxy Clusters}",
  journal = {\apj},
   eprint = {arXiv:astro-ph/9606098},
 keywords = {GALAXIES: CLUSTERS: GENERAL, GALAXIES: DISTANCES AND REDSHIFTS, GALAXIES: KINEMATICS AND DYNAMICS},
     year = 1996,
    month = dec,
   volume = 473,
    pages = {670-+},
      doi = {10.1086/178180},
   adsurl = {http://adsabs.harvard.edu/abs/1996ApJ...473..670F},
  adsnote = {Provided by the SAO/NASA Astrophysics Data System}
}
@ARTICLE{gonzalez-13,
   author = {{Gonzalez}, A.~H. and {Sivanandam}, S. and {Zabludoff}, A.~I. and 
	{Zaritsky}, D.},
    title = "{Galaxy Cluster Baryon Fractions Revisited}",
  journal = {\apj},
archivePrefix = "arXiv",
   eprint = {1309.3565},
 primaryClass = "astro-ph.CO",
 keywords = {galaxies: clusters: general, galaxies: elliptical and lenticular, cD, galaxies: evolution, galaxies: formation, galaxies: fundamental parameters, X-rays: galaxies: clusters},
     year = 2013,
    month = nov,
   volume = 778,
      eid = {14},
    pages = {14},
      doi = {10.1088/0004-637X/778/1/14},
   adsurl = {http://adsabs.harvard.edu/abs/2013ApJ...778...14G},
  adsnote = {Provided by the SAO/NASA Astrophysics Data System}
}
@ARTICLE{hildebrandt-11,
   author = {{Hildebrandt}, H. and {Muzzin}, A. and {Erben}, T. and {Hoekstra}, H. and 
	{Kuijken}, K. and {Surace}, J. and {van Waerbeke}, L. and {Wilson}, G. and 
	{Yee}, H.~K.~C.},
    title = "{Lensing Magnification: A Novel Method to Weigh High-redshift Clusters and its Application to SpARCS}",
  journal = {\apjl},
archivePrefix = "arXiv",
   eprint = {1103.4407},
 primaryClass = "astro-ph.CO",
 keywords = {galaxies: clusters: general, galaxies: photometry},
     year = 2011,
    month = jun,
   volume = 733,
      eid = {L30},
    pages = {L30},
      doi = {10.1088/2041-8205/733/2/L30},
   adsurl = {http://adsabs.harvard.edu/abs/2011ApJ...733L..30H},
  adsnote = {Provided by the SAO/NASA Astrophysics Data System}
}
@ARTICLE{kravtsov-14,
   author = {{Kravtsov}, A. and {Vikhlinin}, A. and {Meshscheryakov}, A.},
    title = "{Stellar mass -- halo mass relation and star formation efficiency in high-mass halos}",
  journal = {ArXiv e-prints},
archivePrefix = "arXiv",
   eprint = {1401.7329},
 primaryClass = "astro-ph.CO",
 keywords = {Astrophysics - Cosmology and Extragalactic Astrophysics},
     year = 2014,
    month = jan,
   adsurl = {http://adsabs.harvard.edu/abs/2014arXiv1401.7329K},
  adsnote = {Provided by the SAO/NASA Astrophysics Data System}
}
@ARTICLE{lidman-12a,
   author = {{Lidman}, C. and {Suherli}, J. and {Muzzin}, A. and {Wilson}, G. and 
	{Demarco}, R. and {Brough}, S. and {Rettura}, A. and {Cox}, J. and 
	{DeGroot}, A. and {Yee}, H.~K.~C. and {Gilbank}, D. and {Hoekstra}, H. and 
	{Balogh}, M. and {Ellingson}, E. and {Hicks}, A. and {Nantais}, J. and 
	{Noble}, A. and {Lacy}, M. and {Surace}, J. and {Webb}, T.},
    title = "{Evidence for significant growth in the stellar mass of brightest cluster galaxies over the past 10 billion years}",
  journal = {\mnras},
archivePrefix = "arXiv",
   eprint = {1208.5143},
 primaryClass = "astro-ph.CO",
 keywords = {galaxies: clusters: general, galaxies: evolution, galaxies: high-redshift, cosmology: observations},
     year = 2012,
    month = nov,
   volume = 427,
    pages = {550-568},
      doi = {10.1111/j.1365-2966.2012.21984.x},
   adsurl = {http://adsabs.harvard.edu/abs/2012MNRAS.427..550L},
  adsnote = {Provided by the SAO/NASA Astrophysics Data System}
}
@ARTICLE{lidman-13,
   author = {{Lidman}, C. and {Iacobuta}, G. and {Bauer}, A.~E. and {Barrientos}, L.~F. and 
	{Cerulo}, P. and {Couch}, W.~J. and {Delaye}, L. and {Demarco}, R. and 
	{Ellingson}, E. and {Faloon}, A.~J. and {Gilbank}, D. and {Huertas-Company}, M. and 
	{Mei}, S. and {Meyers}, J. and {Muzzin}, A. and {Noble}, A. and 
	{Nantais}, J. and {Rettura}, A. and {Rosati}, P. and {S{\'a}nchez-Janssen}, R. and 
	{Strazzullo}, V. and {Webb}, T.~M.~A. and {Wilson}, G. and {Yan}, R. and 
	{Yee}, H.~K.~C.},
    title = "{The importance of major mergers in the build up of stellar mass in brightest cluster galaxies at z = 1}",
  journal = {\mnras},
archivePrefix = "arXiv",
   eprint = {1305.0882},
 primaryClass = "astro-ph.CO",
 keywords = {galaxies: clusters: general, galaxies: evolution, galaxies: high-redshift},
     year = 2013,
    month = jul,
   volume = 433,
    pages = {825-837},
      doi = {10.1093/mnras/stt777},
   adsurl = {http://adsabs.harvard.edu/abs/2013MNRAS.433..825L},
  adsnote = {Provided by the SAO/NASA Astrophysics Data System}
}
@ARTICLE{lin-04a,
   author = {{Lin}, Y.-T. and {Mohr}, J.~J. and {Stanford}, S.~A.},
    title = "{K-Band Properties of Galaxy Clusters and Groups: Luminosity Function, Radial Distribution, and Halo Occupation Number}",
  journal = {\apj},
   eprint = {astro-ph/0402308},
 keywords = {Cosmology: Observations, Galaxies: Clusters: General, Galaxies: Formation, Galaxies: Luminosity Function, Mass Function, Infrared: Galaxies},
     year = 2004,
    month = aug,
   volume = 610,
    pages = {745-761},
      doi = {10.1086/421714},
   adsurl = {http://adsabs.harvard.edu/abs/2004ApJ...610..745L},
  adsnote = {Provided by the SAO/NASA Astrophysics Data System}
}
@ARTICLE{lin-04b,
   author = {{Lin}, Y.-T. and {Mohr}, J.~J.},
    title = "{K-band Properties of Galaxy Clusters and Groups: Brightest Cluster Galaxies and Intracluster Light}",
  journal = {\apj},
   eprint = {astro-ph/0408557},
 keywords = {Cosmology: Observations, Galaxies: Clusters: General, Galaxies: Elliptical and Lenticular, cD, Infrared: Galaxies},
     year = 2004,
    month = dec,
   volume = 617,
    pages = {879-895},
      doi = {10.1086/425412},
   adsurl = {http://adsabs.harvard.edu/abs/2004ApJ...617..879L},
  adsnote = {Provided by the SAO/NASA Astrophysics Data System}
}
@ARTICLE{lin-06,
   author = {{Lin}, Y.-T. and {Mohr}, J.~J. and {Gonzalez}, A.~H. and {Stanford}, S.~A.
	},
    title = "{Evolution of the K-Band Galaxy Cluster Luminosity Function and Scaling Relations}",
  journal = {\apjl},
   eprint = {astro-ph/0609169},
 keywords = {Cosmology: Observations, Galaxies: Clusters: General, Galaxies: Formation, Galaxies: Luminosity Function, Mass Function, Infrared: Galaxies},
     year = 2006,
    month = oct,
   volume = 650,
    pages = {L99-L102},
      doi = {10.1086/508940},
   adsurl = {http://adsabs.harvard.edu/abs/2006ApJ...650L..99L},
  adsnote = {Provided by the SAO/NASA Astrophysics Data System}
    }

@ARTICLE{mcgee14a,
   author = {{McGee}, S.~L. and {Goto}, R. and {Balogh}, M.~L.},
    title = "{The stellar mass function and efficiency of galaxy formation with a varying initial mass function}",
  journal = {\mnras},
archivePrefix = "arXiv",
   eprint = {1311.5230},
 keywords = {galaxies: evolution, galaxies: formation},
     year = 2014,
    month = mar,
   volume = 438,
    pages = {3188-3204},
      doi = {10.1093/mnras/stt2426},
   adsurl = {http://adsabs.harvard.edu/abs/2014MNRAS.438.3188M},
  adsnote = {Provided by the SAO/NASA Astrophysics Data System}
}

@ARTICLE{mcgee14b,
   author = {{McGee}, S.~L. and {Bower}, R.~G. and {Balogh}, M.~L.},
    title = "{Overconsumption, outflows and the quenching of satellite galaxies}",
  journal = {\mnras},
archivePrefix = "arXiv",
   eprint = {1404.6251},
 keywords = {galaxies: clusters: general, galaxies: evolution, galaxies: formation, galaxies: groups: general},
     year = 2014,
    month = jul,
   volume = 442,
    pages = {L105-L109},
      doi = {10.1093/mnrasl/slu066},
   adsurl = {http://adsabs.harvard.edu/abs/2014MNRAS.442L.105M},
  adsnote = {Provided by the SAO/NASA Astrophysics Data System}
}


@ARTICLE{muzzin-09a,
   author = {{Muzzin}, A. and {Wilson}, G. and {Yee}, H.~K.~C. and {Hoekstra}, H. and 
	{Gilbank}, D. and {Surace}, J. and {Lacy}, M. and {Blindert}, K. and 
	{Majumdar}, S. and {Demarco}, R. and {Gardner}, J.~P. and {Gladders}, M. and 
	{Lonsdale}, C.},
    title = "{Spectroscopic Confirmation of Two Massive Red-Sequence-Selected Galaxy Clusters at z \~{} 1.2 in the SpARCS-North Cluster Survey}",
  journal = {\apj},
archivePrefix = "arXiv",
   eprint = {0810.0005},
 keywords = {infrared: galaxies},
     year = 2009,
    month = jun,
   volume = 698,
    pages = {1934-1942},
      doi = {10.1088/0004-637X/698/2/1934},
   adsurl = {http://adsabs.harvard.edu/abs/2009ApJ...698.1934M},
  adsnote = {Provided by the SAO/NASA Astrophysics Data System}
}
@ARTICLE{muzzin-12,
   author = {{Muzzin}, A. and {Wilson}, G. and {Yee}, H.~K.~C. and {Gilbank}, D. and 
	{Hoekstra}, H. and {Demarco}, R. and {Balogh}, M. and {van Dokkum}, P. and 
	{Franx}, M. and {Ellingson}, E. and {Hicks}, A. and {Nantais}, J. and 
	{Noble}, A. and {Lacy}, M. and {Lidman}, C. and {Rettura}, A. and 
	{Surace}, J. and {Webb}, T.},
    title = "{The Gemini Cluster Astrophysics Spectroscopic Survey (GCLASS): The Role of Environment and Self-regulation in Galaxy Evolution at z \~{} 1}",
  journal = {\apj},
archivePrefix = "arXiv",
   eprint = {1112.3655},
 primaryClass = "astro-ph.CO",
 keywords = {galaxies: clusters: general, galaxies: evolution, galaxies: formation, galaxies: high-redshift},
     year = 2012,
    month = feb,
   volume = 746,
      eid = {188},
    pages = {188},
      doi = {10.1088/0004-637X/746/2/188},
   adsurl = {http://adsabs.harvard.edu/abs/2012ApJ...746..188M},
  adsnote = {Provided by the SAO/NASA Astrophysics Data System}
}
@ARTICLE{muzzin-13a,
   author = {{Muzzin}, A. and {Wilson}, G. and {Demarco}, R. and {Lidman}, C. and 
	{Nantais}, J. and {Hoekstra}, H. and {Yee}, H.~K.~C. and {Rettura}, A.
	},
    title = "{Discovery of a Rich Cluster at z = 1.63 Using the Rest-frame 1.6 {$\mu$}m ''Stellar Bump Sequence'' Method}",
  journal = {\apj},
archivePrefix = "arXiv",
   eprint = {1301.5905},
 primaryClass = "astro-ph.CO",
 keywords = {galaxies: clusters: general, galaxies: high-redshift, infrared: galaxies, large-scale structure of universe},
     year = 2013,
    month = apr,
   volume = 767,
      eid = {39},
    pages = {39},
      doi = {10.1088/0004-637X/767/1/39},
   adsurl = {http://adsabs.harvard.edu/abs/2013ApJ...767...39M},
  adsnote = {Provided by the SAO/NASA Astrophysics Data System}
}
@ARTICLE{muzzin-14,
   author = {{Muzzin}, A. and {van der Burg}, R.~F.~J. and {McGee}, S.~L. and 
	{Balogh}, M. and {Franx}, M. and {Hoekstra}, H. and {Hudson}, M.~J. and 
	{Noble}, A. and {Taranu}, D. and {Webb}, T. and {Wilson}, G. and 
	{Yee}, H.~K.~C.},
    title = "{The Phase Space and Stellar Populations of Cluster Galaxies at z \~{} 1: Simultaneous Constraints on the Location and Timescale of Satellite Quenching}",
  journal = {ArXiv e-prints},
archivePrefix = "arXiv",
   eprint = {1402.7077},
 keywords = {Astrophysics - Astrophysics of Galaxies, Astrophysics - Cosmology and Nongalactic Astrophysics},
     year = 2014,
    month = feb,
   adsurl = {http://adsabs.harvard.edu/abs/2014arXiv1402.7077M},
  adsnote = {Provided by the SAO/NASA Astrophysics Data System}
}
@ARTICLE{noble-13a,
   author = {{Noble}, A.~G. and {Webb}, T.~M.~A. and {Muzzin}, A. and {Wilson}, G. and 
	{Yee}, H.~K.~C. and {van der Burg}, R.~F.~J.},
    title = "{A Kinematic Approach to Assessing Environmental Effects: Star-forming Galaxies in a z \~{} 0.9 SpARCS Cluster Using Spitzer 24 {$\mu$}m Observations}",
  journal = {\apj},
archivePrefix = "arXiv",
   eprint = {1303.4997},
 primaryClass = "astro-ph.CO",
 keywords = {galaxies: clusters: general, galaxies: clusters: individual: SpARCS J161314+564930, galaxies: high-redshift, galaxies: star formation, infrared: galaxies},
     year = 2013,
    month = may,
   volume = 768,
      eid = {118},
    pages = {118},
      doi = {10.1088/0004-637X/768/2/118},
   adsurl = {http://adsabs.harvard.edu/abs/2013ApJ...768..118N},
  adsnote = {Provided by the SAO/NASA Astrophysics Data System}
}
@ARTICLE{rozo-11,
   author = {{Rozo}, E. and {Rykoff}, E. and {Koester}, B. and {Nord}, B. and 
	{Wu}, H.-Y. and {Evrard}, A. and {Wechsler}, R.},
    title = "{Extrinsic Sources of Scatter in the Richness-mass Relation of Galaxy Clusters}",
  journal = {\apj},
archivePrefix = "arXiv",
   eprint = {1104.2090},
 primaryClass = "astro-ph.CO",
 keywords = {galaxies: clusters: general},
     year = 2011,
    month = oct,
   volume = 740,
      eid = {53},
    pages = {53},
      doi = {10.1088/0004-637X/740/2/53},
   adsurl = {http://adsabs.harvard.edu/abs/2011ApJ...740...53R},
  adsnote = {Provided by the SAO/NASA Astrophysics Data System}
}
@ARTICLE{sifon-13,
   author = {{Sif{\'o}n}, C. and {Menanteau}, F. and {Hasselfield}, M. and 
	{Marriage}, T.~A. and {Hughes}, J.~P. and {Barrientos}, L.~F. and 
	{Gonz{\'a}lez}, J. and {Infante}, L. and {Addison}, G.~E. and 
	{Baker}, A.~J. and {Battaglia}, N. and {Bond}, J.~R. and {Crichton}, D. and 
	{Das}, S. and {Devlin}, M.~J. and {Dunkley}, J. and {D{\"u}nner}, R. and 
	{Gralla}, M.~B. and {Hajian}, A. and {Hilton}, M. and {Hincks}, A.~D. and 
	{Kosowsky}, A.~B. and {Marsden}, D. and {Moodley}, K. and {Niemack}, M.~D. and 
	{Nolta}, M.~R. and {Page}, L.~A. and {Partridge}, B. and {Reese}, E.~D. and 
	{Sehgal}, N. and {Sievers}, J. and {Spergel}, D.~N. and {Staggs}, S.~T. and 
	{Thornton}, R.~J. and {Trac}, H. and {Wollack}, E.~J.},
    title = "{The Atacama Cosmology Telescope: Dynamical Masses and Scaling Relations for a Sample of Massive Sunyaev-Zel'dovich Effect Selected Galaxy Clusters}",
  journal = {\apj},
archivePrefix = "arXiv",
   eprint = {1201.0991},
 primaryClass = "astro-ph.CO",
 keywords = {cosmic background radiation, cosmology: observations, galaxies: clusters: general, galaxies: distances and redshifts },
     year = 2013,
    month = jul,
   volume = 772,
      eid = {25},
    pages = {25},
      doi = {10.1088/0004-637X/772/1/25},
   adsurl = {http://adsabs.harvard.edu/abs/2013ApJ...772...25S},
  adsnote = {Provided by the SAO/NASA Astrophysics Data System}
}
@ARTICLE{sifon-14,
   author = {{Sif{\'o}n}, C. and {Hoekstra}, H. and {Cacciato}, M. and {Viola}, M. and 
	{K{\"o}hlinger}, F. and {van der Burg}, R. and {Sand}, D. and 
	{Graham}, M.~L.},
    title = "{Constraints on the Alignment of Galaxies in Galaxy Clusters from \$$\backslash$sim\$14,000 Spectroscopic Members}",
  journal = {ArXiv e-prints},
archivePrefix = "arXiv",
   eprint = {1406.5196},
 keywords = {Astrophysics - Cosmology and Nongalactic Astrophysics, Astrophysics - Astrophysics of Galaxies},
     year = 2014,
    month = jun,
   adsurl = {http://adsabs.harvard.edu/abs/2014arXiv1406.5196S},
  adsnote = {Provided by the SAO/NASA Astrophysics Data System}
}
@ARTICLE{wilson-09,
   author = {{Wilson}, G. and {Muzzin}, A. and {Yee}, H.~K.~C. and {Lacy}, M. and 
	{Surace}, J. and {Gilbank}, D. and {Blindert}, K. and {Hoekstra}, H. and 
	{Majumdar}, S. and {Demarco}, R. and {Gardner}, J.~P. and {Gladders}, M.~D. and 
	{Lonsdale}, C.},
    title = "{Spectroscopic Confirmation of a Massive Red-Sequence-Selected Galaxy Cluster at z = 1.34 in the SpARCS-South Cluster Survey}",
  journal = {\apj},
archivePrefix = "arXiv",
   eprint = {0810.0036},
 keywords = {cosmology: observations, galaxies: clusters: general, galaxies: high-redshift, infrared: galaxies, surveys},
     year = 2009,
    month = jun,
   volume = 698,
    pages = {1943-1950},
      doi = {10.1088/0004-637X/698/2/1943},
   adsurl = {http://adsabs.harvard.edu/abs/2009ApJ...698.1943W},
  adsnote = {Provided by the SAO/NASA Astrophysics Data System}
}
@ARTICLE{vanderBurg-13,
   author = {{van der Burg}, R.~F.~J. and {Muzzin}, A. and {Hoekstra}, H. and 
	{Lidman}, C. and {Rettura}, A. and {Wilson}, G. and {Yee}, H.~K.~C. and 
	{Hildebrandt}, H. and {Marchesini}, D. and {Stefanon}, M. and 
	{Demarco}, R. and {Kuijken}, K.},
    title = "{The environmental dependence of the stellar mass function at z \~{} 1. Comparing cluster and field between the GCLASS and UltraVISTA surveys}",
  journal = {\aap},
archivePrefix = "arXiv",
   eprint = {1304.5525},
 primaryClass = "astro-ph.CO",
 keywords = {galaxies: clusters: general, galaxies: luminosity function, mass function, galaxies: evolution, galaxies: photometry},
     year = 2013,
    month = sep,
   volume = 557,
      eid = {A15},
    pages = {A15},
      doi = {10.1051/0004-6361/201321237},
   adsurl = {http://adsabs.harvard.edu/abs/2013A%26A...557A..15V},
  adsnote = {Provided by the SAO/NASA Astrophysics Data System}
}
@ARTICLE{vanderBurg-14,
   author = {{van der Burg}, R.~F.~J. and {Muzzin}, A. and {Hoekstra}, H. and 
	{Wilson}, G. and {Lidman}, C. and {Yee}, H.~K.~C.},
    title = "{A census of stellar mass in ten massive haloes at z \~{} 1 from the GCLASS Survey}",
  journal = {\aap},
archivePrefix = "arXiv",
   eprint = {1310.0020},
 primaryClass = "astro-ph.CO",
 keywords = {galaxies: clusters: general, galaxies: evolution, galaxies: photometry},
     year = 2014,
    month = jan,
   volume = 561,
      eid = {A79},
    pages = {A79},
      doi = {10.1051/0004-6361/201322771},
   adsurl = {http://adsabs.harvard.edu/abs/2014A%26A...561A..79V},
  adsnote = {Provided by the SAO/NASA Astrophysics Data System}
}
@ARTICLE{wu-08,
   author = {{Wu}, H.-Y. and {Rozo}, E. and {Wechsler}, R.~H.},
    title = "{The Effects of Halo Assembly Bias on Self-Calibration in Galaxy Cluster Surveys}",
  journal = {\apj},
archivePrefix = "arXiv",
   eprint = {0803.1491},
 keywords = {Cosmology: Cosmological Parameters, Cosmology: Theory, Galaxies: Clusters: General, Galaxies: Halos, Cosmology: Large-Scale Structure of Universe, Methods: Statistical},
     year = 2008,
    month = dec,
   volume = 688,
    pages = {729-741},
      doi = {10.1086/591929},
   adsurl = {http://adsabs.harvard.edu/abs/2008ApJ...688..729W},
  adsnote = {Provided by the SAO/NASA Astrophysics Data System}
}

@article{Ciesla12,
author = {Ciesla, L and Boselli, A and Smith, M W L and Bendo, G J and Cortese, L and Eales, S and Bianchi, S and Boquien, M and Buat, V and Davies, J and Pohlen, M and Zibetti, S and Baes, M and Cooray, A and De Looze, I and di Serego Alighieri, S and Galametz, M and Gomez, H L and Lebouteiller, V and Madden, S C and Pappalardo, C and Remy, A and Spinoglio, L and Vaccari, M and Auld, R and Clements, D L},
title = {{Submillimetre photometry of 323 nearby galaxies from the Herschel Reference Survey}},
journal = {Astronomy and Astrophysics},
year = {2012},
volume = {543},
pages = {A161},
month = jul
}

@article{Carlesi16,
author = {Carlesi, Edoardo and Hoffman, Yehuda and Sorce, Jenny G and Gottloeber, Stefan and Yepes, Gustavo and Courtois, Helene and Tully, R Brent},
title = {{The tangential velocity of M31: CLUES from constrained simulations}},
journal = {arXiv.org},
year = {2016},
eprint = {1603.09498},
eprinttype = {arxiv},
eprintclass = {1603},
pages = {arXiv:1603.09498},
month = mar,
annote = {5 pages, 2 figures, accepted for publications in MNRAS Letters; doi:10.1093/mnrasl/slw059}
}

